00581cas a22002171a 4500
001 9917738173502836
003 Nz
005 20161223172957.0
008 040113d193uuuuunz  r ne      0   0 eng d
035    $a (OCoLC)832732155
035    $a (Nz)8183009
035    $a (NLNZils)1773817-ilsdb
040    $a WN $c WN
042    $a nznb
043    $a u-nz---
245 00 $a Taffytown and Glasseye chronicle.
260    $a [Westport? N.Z.]
362 0  $a 193-?-?
500    $a Only issue seen dated 1930 Sep.13.
651  0 $a Buller District (N.Z.) $v Newspapers.
655  7 $a New Zealand newspapers. $2 local $5 Nz
